% You can often find Bibtex entries using publishers' websites or
% https://www.doi2bib.org/#/doi
% https://mathscinet.ams.org/mathscinet/
% Warning: sometimes the entries are incomplete or contain too much and need to be checked manually.

@Article{	  BakSchaLewRotBla11,
  author	= {Baker, S. and Scharstein, D. and Lewis, J. P. and Roth, S.
		  and Black, M. J. and Szeliski, R.},
  title		= {A Database and Evaluation Methodology for Optical Flow},
  journal	= {Int. J. of Comp. Vis.},
  fjournal	= {International Journal of Computer Vision},
  doi		= {10.1007/s11263-010-0390-2},
  number	= {1},
  pages		= {1--31},
  url		= {http://www.springerlink.com/index/10.1007/s11263-010-0390-2},
  doi		= {10.1007/s11263-010-0390-2},
  volume	= {92},
  year		= {2011}
}
